@book{Adger,
	author = "David Adger",
	year = 2003,
	title= "Core Syntax: A {M}inimalist Approach",
	address = "New York",
	publisher = "Oxford University Press"}
@book{deJong,
	author = "Frederick de Jong",
	year =2007,
	title = "A Grammar of {M}odern {U}yghur",
	address = "Utrecht",
	publisher = "Houtsma"}
@phdthesis{Dede,
	author = "Dede, Muserref Agan",
	year = 1978,
	title = "A syntactic and semantic analysis of {T}urkish nominal compounds",
	school = "University of	Michigan"}
@book{Engetal,
	author = "Engs{\ae}th, Tarjei and Yakup, Mahire and Dwyer, Arienne",
	year = 2009,
	title = "Teklimakan Salam: A handbook of {M}odern {U}yghur",
	address = "Lawrence",
	publisher = "University of Kansas ScholarWorks"}
@article{FukuiSakai,
	author = "Fukui, Naoki and Sakai, Hiromu",
	year = 2003,
	title = "The visibility guideline for functional categories: Verb raising in {J}apanese and related issues",
	journal = "Lingua",
	volume = 113,
	pages = "321--375"}
@book{Hahn,
	author = "Hahn, Reinhard",
	year = 1991,
	title = "Spoken {U}yghur",
	address = "Seattle",
	publisher = "University of Washington Press"}
@phdthesis{Koizumi,
	author = "Koizumi, Masatoshi",
	year = 1995,
	title = "Phrase Structure in {M}inimalist Syntax",
	school = "Massachusetts Institute of Technology"}
@incollection{Kratzer,
	author = "Kratzer, Angelika",
	year = 1996,
	title = "Severing the external argument from its verb",
	booktitle = "Phrase Structure and the Lexicon",
	editor = "Johan	Rooryck and Laurie Zaring",
	series = "Studies in Natural Language and Linguistic Theory",
	volume = 33,
	address = "Boston",
	publisher = "Kluwer Academic Publishers"}	
@incollection{McCloskey,
	author = "McCloskey, Jim",
	year = 1996,
	title = "Subjecthood and subject positions",
	booktitle = "Elements of Grammar: Handbook in Generative Syntax",
	editor = "Liliane Haegeman",
	address = "Boston",
	publisher = "Kluwer Academic Publishers"}
@phdthesis{Nilsson,
	author = "Nilsson, Birgit",
	year = 1985,
	title = "Case Marking Semantics in {T}urkish",
	school = "University of Stockholm"}
@incollection{Ritter,
	author = "Ritter, Elizabeth",
	year = 1991,
	title = "Two functional categories in noun phrases: evidence from {H}ebrew",
	booktitle = "Perspectives on Phrase	Structure: Heads and Licensing",
	editor = "Rothstein, Susan D.",
	series = "Syntax and Semantics",
	volume = 25,
	address = "New York",
	publisher = "Academic Press, Inc."}
@book{Tomur,
	author = "T{\"{o}}m{\"{u}}r, H{\"{a}}mit",
	year = 1987,
	title = "Hazirqi zaman Uyghur tili grammatikisi (morfologiye)",
	address = "Beijing",
	publisher = "Minzu Publishing House",
	note = "Translated by Anne Lee and reprinted in 2003 as \textit{Modern Uyghur Grammar (Morphology)}. Istanbul: Y\i{}ld\i{}z."}
@article{vandeCraats,
	author = "van de Craats, Ineke and Corver, Norbert and van Hout, Roeland",
	year = 2000,
	title = "Conservation of grammatical knowledge: on the acquisition of possessive noun phrases by {T}urkish and {M}oroccan learners of {D}utch",
	journal = "Linguistics",
	volume = 38,
	number = 2,
	pages = "221--314"}
@article{Hornstein,
	author = "Hornstein, Norbert",
	year = 1999,
	title = "Movement and control",
	journal = "Linguistic {Inquiry}",
	volume = 30,
	number = 1,
	pages = "69--96"}
@article{Pollock,
	title ="Verb movement, {U}niversal {G}rammar, and the structure of {I}{P}",
	author = "Pollock, Jean-{Y}ves",
	journal ="Linguistic {Inquiry}",
	volume = 20, 
	number = 3,
	pages = "365--424",
	year = 1989}
@inproceedings{Asarina,
	title = "Modal and non-modal adjectives in {U}yghur",
	author = "Asarina, Alya",
	year = 2009,
	booktitle = "MIT Linguistics Lunch"}
@mastersthesis{Asarina2010,
	title = "Case and meaning in {U}yghur nominalized clauses",
	author = "Asarina, Alya",
	year = 2010,
	school = "Massachusetts Institute of Technology",
	month = "March"}